<?xml version="1.0" encoding="UTF-8"?><collection xmlns="http://www.loc.gov/MARC21/slim"><record><leader>00463nam--2200169-i-4500</leader><controlfield tag="001">000002216</controlfield><controlfield tag="002">20161230</controlfield><controlfield tag="005">20170123174114</controlfield><controlfield tag="008">060222s1000------------r-----000-0-eng-d</controlfield><datafield ind1=" " ind2=" " tag="100"><subfield code="a">Green, H. S</subfield></datafield><datafield ind1=" " ind2=" " tag="245"><subfield code="a">Order-disorder Phenomena</subfield></datafield><datafield ind1=" " ind2=" " tag="260"><subfield code="a">New York</subfield><subfield code="b">Interscience Publishers</subfield><subfield code="c">1964</subfield></datafield><datafield ind1=" " ind2=" " tag="300"><subfield code="a">X + 363 p</subfield></datafield><datafield ind1=" " ind2=" " tag="490"><subfield code="a">Monographs In Statistical Physics And Thermodynamics</subfield></datafield><datafield ind1=" " ind2=" " tag="700"><subfield code="a">Hurst, C. A</subfield></datafield><datafield ind1=" " ind2=" " tag="852"><subfield code="a">530.161/162</subfield></datafield><datafield ind1=" " ind2=" " tag="CAT"><subfield code="a">SYS</subfield><subfield code="c">20170123</subfield><subfield code="h">174114</subfield></datafield></record></collection>